<record><leader>00000cas a2200000 a 4500</leader><controlfield tag="001">50990019</controlfield><controlfield tag="008">021112d19691971iluwr ne      0   a0eng c</controlfield><datafield ind1=" " ind2=" " tag="010"><subfield code="a">sn2002060780</subfield></datafield><datafield ind1=" " ind2=" " tag="040"><subfield code="a">CVF</subfield><subfield code="b">eng</subfield><subfield code="c">CVF</subfield><subfield code="d">OCLCQ</subfield><subfield code="d">OCLCO</subfield><subfield code="d">NVF</subfield><subfield code="d">OCLCO</subfield><subfield code="d">OCLCA</subfield></datafield><datafield ind1="1" ind2=" " tag="029"><subfield code="a">AU@</subfield><subfield code="b">000024212969</subfield></datafield><datafield ind1=" " ind2=" " tag="042"><subfield code="a">pcc</subfield></datafield><datafield ind1=" " ind2=" " tag="043"><subfield code="a">n-us-il</subfield></datafield><datafield ind1="0" ind2="4" tag="245"><subfield code="a">The Southwest graphic.</subfield></datafield><datafield ind1=" " ind2=" " tag="260"><subfield code="a">Lemont, Ill. ;</subfield><subfield code="a">Downers Grove, Ill. :</subfield><subfield code="b">Tri-County Pub. Co.,</subfield><subfield code="c">1969-1971.</subfield></datafield><datafield ind1=" " ind2=" " tag="300"><subfield code="a">volumes</subfield></datafield><datafield ind1=" " ind2=" " tag="310"><subfield code="a">Weekly</subfield></datafield><datafield ind1="0" ind2=" " tag="362"><subfield code="a">Vol. 1, no. 1 (June 11, 1969)-v. 2, no. 27 (Jan. 6, 1971).</subfield></datafield><datafield ind1=" " ind2=" " tag="580"><subfield code="a">Merged with: New Lenox press, to form: Southwest graphic herald.</subfield></datafield><datafield ind1=" " ind2="0" tag="651"><subfield code="a">Lemont (Ill.)</subfield><subfield code="v">Newspapers.</subfield></datafield><datafield ind1=" " ind2="0" tag="651"><subfield code="a">Lockport (Ill.)</subfield><subfield code="v">Newspapers.</subfield></datafield><datafield ind1=" " ind2="0" tag="651"><subfield code="a">Mokena (Ill.)</subfield><subfield code="v">Newspapers.</subfield></datafield><datafield ind1=" " ind2="0" tag="651"><subfield code="a">New Lenox (Ill.)</subfield><subfield code="v">Newspapers.</subfield></datafield><datafield ind1=" " ind2="0" tag="651"><subfield code="a">Bolingbrook (Ill.)</subfield><subfield code="v">Newspapers.</subfield></datafield><datafield ind1=" " ind2="0" tag="651"><subfield code="a">Marley (Will County, Ill.)</subfield><subfield code="v">Newspapers.</subfield></datafield><datafield ind1=" " ind2="0" tag="651"><subfield code="a">Frankfort (Ill.)</subfield><subfield code="v">Newspapers.</subfield></datafield><datafield ind1=" " ind2="0" tag="651"><subfield code="a">Lincolnwood (Ill.)</subfield><subfield code="v">Newspapers.</subfield></datafield><datafield ind1=" " ind2="0" tag="651"><subfield code="a">Arbury Hills (Ill.)</subfield><subfield code="v">Newspapers.</subfield></datafield><datafield ind1=" " ind2="0" tag="651"><subfield code="a">Lincoln Estates (Ill.)</subfield><subfield code="v">Newspapers.</subfield></datafield><datafield ind1=" " ind2="0" tag="651"><subfield code="a">Romeoville (Ill.)</subfield><subfield code="v">Newspapers.</subfield></datafield><datafield ind1=" " ind2="0" tag="651"><subfield code="a">Crest Hill (Will County, Ill.)</subfield><subfield code="v">Newspapers.</subfield></datafield><datafield ind1=" " ind2=" " tag="752"><subfield code="a">United States</subfield><subfield code="b">Illinois</subfield><subfield code="c">Cook County</subfield><subfield code="d">Lemont.</subfield></datafield><datafield ind1=" " ind2=" " tag="752"><subfield code="a">United States</subfield><subfield code="b">Illinois</subfield><subfield code="c">DuPage County</subfield><subfield code="d">Downers Grove.</subfield></datafield><datafield ind1="0" ind2="0" tag="780"><subfield code="t">Lemonter (Lemont, Ill.)</subfield><subfield code="w">(DLC)sn2002060779</subfield><subfield code="w">(OCoLC)50989242</subfield></datafield><datafield ind1="1" ind2="7" tag="785"><subfield code="t">New Lenox press</subfield><subfield code="w">(DLC)sn2003060726</subfield><subfield code="w">(OCoLC)40171287</subfield></datafield><datafield ind1="1" ind2="7" tag="785"><subfield code="t">Southwest graphic herald</subfield><subfield code="w">(DLC)sn2002060781</subfield><subfield code="w">(OCoLC)50991184</subfield></datafield></record>